<record><leader>00000cas a2200000 a 4500</leader><controlfield tag="001">36672015</controlfield><controlfield tag="008">970403u1991uuuufludn ne      0    0eng c</controlfield><datafield ind1=" " ind2=" " tag="010"><subfield code="a">sn 97027569 </subfield></datafield><datafield ind1=" " ind2=" " tag="040"><subfield code="a">FUG</subfield><subfield code="b">eng</subfield><subfield code="c">FUG</subfield><subfield code="d">OCLCQ</subfield><subfield code="d">OCLCF</subfield><subfield code="d">OCLCO</subfield></datafield><datafield ind1="1" ind2=" " tag="029"><subfield code="a">AU@</subfield><subfield code="b">000013196480</subfield></datafield><datafield ind1=" " ind2=" " tag="042"><subfield code="a">pcc</subfield></datafield><datafield ind1=" " ind2=" " tag="043"><subfield code="a">n-us-fl</subfield></datafield><datafield ind1="0" ind2=" " tag="130"><subfield code="a">Lake Wales highlander (Lake Wales, Fla. : 1991)</subfield></datafield><datafield ind1="1" ind2="0" tag="245"><subfield code="a">Lake Wales highlander.</subfield></datafield><datafield ind1="1" ind2="3" tag="246"><subfield code="a">Highlander</subfield></datafield><datafield ind1=" " ind2=" " tag="260"><subfield code="a">Lake Wales, Fla. :</subfield><subfield code="b">The Highlander,</subfield><subfield code="c">1991.</subfield></datafield><datafield ind1=" " ind2=" " tag="300"><subfield code="a">v.</subfield></datafield><datafield ind1=" " ind2=" " tag="310"><subfield code="a">Daily (Tuesday through Saturday),</subfield><subfield code="b">&lt;1992&gt;</subfield></datafield><datafield ind1=" " ind2=" " tag="321"><subfield code="a">Daily (except Monday),</subfield><subfield code="b">1991-</subfield></datafield><datafield ind1="0" ind2=" " tag="362"><subfield code="a">75th year, no. 179 (Aug. 31, 1991)-</subfield></datafield><datafield ind1=" " ind2=" " tag="588"><subfield code="a">Latest issue consulted: Dec. 31, 1992.</subfield></datafield><datafield ind1=" " ind2="0" tag="651"><subfield code="a">Lake Wales (Fla.)</subfield><subfield code="v">Newspapers.</subfield></datafield><datafield ind1=" " ind2="0" tag="651"><subfield code="a">Polk County (Fla.)</subfield><subfield code="v">Newspapers.</subfield></datafield><datafield ind1=" " ind2="7" tag="655"><subfield code="a">Newspapers.</subfield><subfield code="2">fast</subfield><subfield code="0">(OCoLC)fst01423814</subfield></datafield><datafield ind1=" " ind2="7" tag="651"><subfield code="a">Florida</subfield><subfield code="z">Lake Wales.</subfield><subfield code="2">fast</subfield><subfield code="0">(OCoLC)fst01215462</subfield></datafield><datafield ind1=" " ind2="7" tag="651"><subfield code="a">Florida</subfield><subfield code="z">Polk County.</subfield><subfield code="2">fast</subfield><subfield code="0">(OCoLC)fst01214944</subfield></datafield><datafield ind1=" " ind2=" " tag="752"><subfield code="a">United States</subfield><subfield code="b">Florida</subfield><subfield code="c">Polk</subfield><subfield code="d">Lake Wales.</subfield></datafield><datafield ind1="0" ind2="0" tag="780"><subfield code="t">Highlander (Lake Wales, Fla. : 1990)</subfield><subfield code="w">(DLC)sn 97027568</subfield><subfield code="w">(OCoLC)36671907</subfield></datafield></record>